<record xmlns="http://www.loc.gov/MARC21/slim">
  <leader>01149cam a2200337 | 4500</leader>
  <controlfield tag="001">98605</controlfield>
  <controlfield tag="008">091476s1973    ilu                 eng l</controlfield>
  <datafield tag="010" ind1=" " ind2=" ">
    <subfield code="a">   73075780</subfield>
  </datafield>
  <datafield tag="010" ind1=" " ind2=" ">
    <subfield code="a">   73075780</subfield>
  </datafield>
  <datafield tag="010" ind1=" " ind2=" ">
    <subfield code="a">   73075780</subfield>
  </datafield>
  <datafield tag="020" ind1=" " ind2=" ">
    <subfield code="a">0226475654</subfield>
  </datafield>
  <datafield tag="035" ind1=" " ind2=" ">
    <subfield code="a">ocm00869635</subfield>
  </datafield>
  <datafield tag="039" ind1="0" ind2=" ">
    <subfield code="a">0150812T</subfield>
    <subfield code="f">YB</subfield>
  </datafield>
  <datafield tag="040" ind1=" " ind2=" ">
    <subfield code="a">DLC</subfield>
    <subfield code="b">eng</subfield>
  </datafield>
  <datafield tag="045" ind1=" " ind2=" ">
    <subfield code="a">x2x3</subfield>
  </datafield>
  <datafield tag="049" ind1=" " ind2=" ">
    <subfield code="a">ACAL</subfield>
  </datafield>
  <datafield tag="049" ind1=" " ind2=" ">
    <subfield code="a">aeu</subfield>
    <subfield code="b">eng</subfield>
  </datafield>
  <datafield tag="050" ind1="0" ind2=" ">
    <subfield code="a">DD 253.4 D36</subfield>
    <subfield code="b">L66 1973</subfield>
  </datafield>
  <datafield tag="090" ind1=" " ind2=" ">
    <subfield code="a">DD 253.4 D36 L48 1973</subfield>
    <subfield code="b">AENABC</subfield>
  </datafield>
  <datafield tag="090" ind1=" " ind2="0">
    <subfield code="a">DD 253.4 D36 L48</subfield>
    <subfield code="b">ARDC</subfield>
  </datafield>
  <datafield tag="090" ind1=" " ind2=" ">
    <subfield code="a">DD 253.4 D36 L48 1973</subfield>
    <subfield code="b">ACAL</subfield>
  </datafield>
  <datafield tag="090" ind1="0" ind2="0">
    <subfield code="a">DD 253.4 D36 L66 1973</subfield>
    <subfield code="b">NO</subfield>
  </datafield>
  <datafield tag="100" ind1="1" ind2="0">
    <subfield code="a">Levine, Herbert Samuel,</subfield>
    <subfield code="d">1928-</subfield>
  </datafield>
  <datafield tag="245" ind1="1" ind2="0">
    <subfield code="a">Hitler&apos;s free city :</subfield>
    <subfield code="b">a history of the Nazi Party in Danzig, 1925-1939 /</subfield>
    <subfield code="c">Herbert S. Levine.</subfield>
  </datafield>
  <datafield tag="260" ind1="0" ind2=" ">
    <subfield code="a">Chicago :</subfield>
    <subfield code="b">University of Chicago Press,</subfield>
    <subfield code="c">1973.</subfield>
  </datafield>
  <datafield tag="300" ind1=" " ind2=" ">
    <subfield code="a">xii, 223 p. ;</subfield>
    <subfield code="c">23 cm.</subfield>
  </datafield>
  <datafield tag="596" ind1=" " ind2=" ">
    <subfield code="a">16 35 59</subfield>
  </datafield>
  <datafield tag="610" ind1="2" ind2="0">
    <subfield code="a">Nationalsozialistische Deutsche Arbeiter-Partei</subfield>
    <subfield code="b">Gau Danzig-Westpreussen</subfield>
    <subfield code="x">History.</subfield>
  </datafield>
  <datafield tag="926" ind1=" " ind2=" ">
    <subfield code="a">UAAUG</subfield>
    <subfield code="b">ILL_</subfield>
    <subfield code="c">DD 253.4 D36 L48 1973</subfield>
    <subfield code="d">BOOK</subfield>
    <subfield code="e">11/7/2013</subfield>
    <subfield code="f">1</subfield>
  </datafield>
  <datafield tag="926" ind1=" " ind2=" ">
    <subfield code="a">RED_DEER_C</subfield>
    <subfield code="b">FLOOR_2</subfield>
    <subfield code="c">DD 253.4 D36 L48</subfield>
    <subfield code="d">BOOK</subfield>
    <subfield code="f">1</subfield>
  </datafield>
  <datafield tag="926" ind1=" " ind2=" ">
    <subfield code="a">VANGUARD</subfield>
    <subfield code="b">ON_SHELF</subfield>
    <subfield code="c">DD 253.4 D36 L48 1973</subfield>
    <subfield code="d">BOOK</subfield>
    <subfield code="f">1</subfield>
  </datafield>
</record>
